%% This BibTeX bibliography file was created using BibDesk.
%% http://bibdesk.sourceforge.net/

%% Created for Josh Ko at 2017-06-19 20:08:23 +0900 


%% Saved with string encoding Unicode (UTF-8) 



@article{ShVi82,
	Author = {Shiloach,Y. and Vishkin, Uzi},
	Date-Modified = {2017-01-20 04:54:19 +0000},
	Journal = {Journal of Algorithms},
	Pages = {57-67},
	Title = {An {$O(\log n)$} parallel connectivity algorithm},
	Volume = {3},
	Year = {1982}}

@inproceedings{QuWH12,
	Author = {Quick, Louise and Wilkinson, Paul and Hardcastle, David},
	Booktitle = {ASONAM},
	Date-Modified = {2017-06-19 04:40:42 +0000},
	Keywords = {Algorithm design and analysis,Clustering algorithms,Social network services,Estimation,Computational modeling,Open source software,Random access memory},
	Pages = {457--463},
	Publisher = {IEEE},
	Title = {Using {Pregel}-like Large Scale Graph Processing Frameworks for Social Network Analysis},
	Year = {2012},
	Bdsk-Url-1 = {http://dx.doi.org/10.1109/ASONAM.2012.254}}

@article{XiYZ14,
	Acmid = {2724077},
	Address = {Orlando, FL, USA},
	Author = {Xie, Miao and Yang, Qiusong and Zhai, Jian and Wang, Qing},
	Date-Modified = {2017-06-19 04:47:52 +0000},
	Doi = {10.1016/j.jpdc.2014.07.009},
	Issn = {0743-7315},
	Issue_Date = {November 2014},
	Journal = {\textit{{J.} Parallel {Distrib.} {Com.}}},
	Keywords = {Distributed memory algorithm, Formal method, Linear temporal logic, Model checking, Reliable model checker, Scalable algorithm},
	Number = {11},
	Numpages = {14},
	Pages = {3161--3174},
	Publisher = {Academic Press, Inc.},
	Title = {A Vertex Centric Parallel Algorithm for Linear Temporal Logic Model Checking in {Pregel}},
	Volume = {74},
	Year = {2014},
	Bdsk-Url-1 = {http://dx.doi.org/10.1016/j.jpdc.2014.07.009}}

@article{Halpern-common-knowledge,
	Author = {Halpern, Joseph Y. and Moses, Yoram},
	Date-Modified = {2017-06-19 04:48:43 +0000},
	Journal = {\textit{{J.} ACM}},
	Number = {3},
	Pages = {549-587},
	Title = {Knowledge and Common Knowledge in a Distributed Environment},
	Volume = {37},
	Year = {1990}}

@inproceedings{pregel,
	Author = {Malewicz, Grzegorz and Austern, Matthew H and Bik, Aart JC and Dehnert, James C and Horn, Ilan and Leiser, Naty and Czajkowski, Grzegorz},
	Booktitle = {SIGMOD},
	Date-Modified = {2017-06-19 04:37:24 +0000},
	Organization = {ACM},
	Pages = {135--146},
	Title = {Pregel: a system for large-scale graph processing},
	Year = {2010}}

@inproceedings{palovca,
	Author = {Lesniak, Michael},
	Booktitle = {PADL},
	Date-Modified = {2017-06-19 04:39:19 +0000},
	Organization = {Springer},
	Pages = {153--167},
	Title = {Palovca: describing and executing graph algorithms in {Haskell}},
	Year = {2012}}

@inproceedings{green12,
	Author = {Hong, Sungpack and Chafi, Hassan and Sedlar, Edic and Olukotun, Kunle},
	Booktitle = {ASPLOS},
	Date-Modified = {2017-06-19 04:38:29 +0000},
	Organization = {ACM},
	Pages = {349--362},
	Title = {{Green-Marl}: a {DSL} for easy and efficient graph analysis},
	Year = {2012}}

@inproceedings{green14,
	Author = {Hong, Sungpack and Salihoglu, Semih and Widom, Jennifer and Olukotun, Kunle},
	Booktitle = {CGO},
	Date-Modified = {2017-06-19 04:28:31 +0000},
	Organization = {ACM},
	Pages = {208},
	Title = {Simplifying scalable graph processing with a domain-specific language},
	Year = {2014}}

@inproceedings{fregel,
	Author = {Emoto, Kento and Matsuzaki, Kiminori and Morihata, Akimasa and Zhenjiang Hu},
	Booktitle = {ICFP},
	Date-Modified = {2017-06-19 11:08:23 +0000},
	Organization = {ACM},
	Pages = {200-213},
	Title = {Think like a vertex, behave like a function! {A} functional {DSL} for vertex-centric big graph processing},
	Year = {2016}}

@article{connectivity,
	Author = {Yan, Da and Cheng, James and Xing, Kai and Lu, Yi and Ng, Wilfred and Bu, Yingyi},
	Date-Modified = {2017-06-19 04:46:26 +0000},
	Journal = {\textit{PVLDB}},
	Number = {14},
	Pages = {1821--1832},
	Publisher = {VLDB Endowment},
	Title = {Pregel algorithms for graph connectivity problems with performance guarantees},
	Volume = {7},
	Year = {2014}}

@article{bsp,
	Author = {Valiant, Leslie G},
	Date-Modified = {2017-06-19 04:48:13 +0000},
	Journal = {\textit{{Commun.} ACM}},
	Number = {8},
	Pages = {103--111},
	Publisher = {ACM},
	Title = {A bridging model for parallel computation},
	Volume = {33},
	Year = {1990}}

@article{disjointset,
	Author = {Gabow, Harold N and Tarjan, Robert Endre},
	Date-Modified = {2017-06-19 04:49:08 +0000},
	Journal = {\textit{{J.} {Comput.} System {Sci.}}},
	Number = {2},
	Pages = {209--221},
	Publisher = {Elsevier},
	Title = {A linear-time algorithm for a special case of disjoint set union},
	Volume = {30},
	Year = {1985}}

@misc{hama,
	Date-Modified = {2017-01-20 04:32:44 +0000},
	Howpublished = {http://hama.apache.org/},
	Title = {{Apache Hama}}}

@misc{giraph,
	Date-Modified = {2017-01-20 04:32:52 +0000},
	Howpublished = {http://giraph.apache.org/},
	Title = {{Apache Giraph}}}

@article{graphlab,
	Author = {Low, Yucheng and Bickson, Danny and Gonzalez, Joseph and Guestrin, Carlos and Kyrola, Aapo and Hellerstein, Joseph M},
	Date-Modified = {2017-06-19 04:46:33 +0000},
	Journal = {\textit{PVLDB}},
	Number = {8},
	Pages = {716--727},
	Publisher = {VLDB Endowment},
	Title = {{Distributed GraphLab}: a framework for machine learning and data mining in the cloud},
	Volume = {5},
	Year = {2012}}

@inproceedings{GPS,
	Author = {Salihoglu, Semih and Widom, Jennifer},
	Booktitle = {SSDBM},
	Date-Modified = {2017-06-19 04:41:46 +0000},
	Number = {22},
	Organization = {ACM},
	Title = {{GPS}: a graph processing system},
	Year = {2013}}

@inproceedings{powergraph,
	Author = {Gonzalez, Joseph E and Low, Yucheng and Gu, Haijie and Bickson, Danny and Guestrin, Carlos},
	Booktitle = {OSDI},
	Date-Modified = {2017-06-19 04:38:17 +0000},
	Pages = {17--30},
	Title = {{PowerGraph}: distributed graph-parallel computation on natural graphs},
	Year = {2012}}

@inproceedings{mizan,
	Author = {Khayyat, Zuhair and Awara, Karim and Alonazi, Amani and Jamjoom, Hani and Williams, Dan and Kalnis, Panos},
	Booktitle = {EuroSys},
	Date-Modified = {2017-06-19 04:39:07 +0000},
	Organization = {ACM},
	Pages = {169--182},
	Title = {Mizan: a system for dynamic load balancing in large-scale graph processing},
	Year = {2013}}

@inproceedings{catchw,
	Author = {Shang, Zechao and Yu, Jeffrey Xu},
	Booktitle = {International Conference on Data Engineering},
	Date-Modified = {2017-01-20 04:53:04 +0000},
	Organization = {IEEE},
	Pages = {553--564},
	Title = {Catch the Wind: graph workload balancing on cloud},
	Year = {2013}}

@article{optimizing,
	Author = {Salihoglu, Semih and Widom, Jennifer},
	Date-Modified = {2017-06-19 04:46:22 +0000},
	Journal = {\textit{PVLDB}},
	Number = {7},
	Pages = {577--588},
	Publisher = {VLDB Endowment},
	Title = {Optimizing graph algorithms on {Pregel}-like systems},
	Volume = {7},
	Year = {2014}}

@article{milner,
	Author = {Milner, Robin},
	Journal = {Journal of computer and system sciences},
	Number = {3},
	Pages = {348--375},
	Publisher = {Elsevier},
	Title = {A theory of type polymorphism in programming},
	Volume = {17},
	Year = {1978}}

@inproceedings{unql,
	Author = {Tung, Le-Duc},
	Booktitle = {Data Engineering Workshops (ICDEW), 2015 31st IEEE International Conference on},
	Organization = {IEEE},
	Pages = {250--254},
	Title = {Pregel meets UnCAL: A systematic framework for transforming big graphs},
	Year = {2015}}

@inproceedings{s6raph,
	Author = {Ruiz, Onofre Coll and Matsuzaki, Kiminori and Sato, Shigeyuki},
	Booktitle = {FHPC},
	Date-Modified = {2017-06-19 04:41:08 +0000},
	Organization = {ACM},
	Pages = {58--64},
	Title = {s6raph: vertex-centric graph processing framework with functional interface},
	Year = {2016}}

@misc{triangle,
	Author = {Kalavri, Vasiliki and Vlassov, Vladimir and Haridi, Seif},
	Date-Modified = {2017-01-20 04:47:31 +0000},
	Howpublished = {arXiv:1607.02646},
	Title = {High-Level Programming Abstractions for Distributed Graph Processing},
	Year = {2016}}

@inproceedings{boruvka,
	Author = {Chung, Sun and Condon, Anne},
	Booktitle = {IPPS},
	Date-Modified = {2017-06-19 04:24:26 +0000},
	Organization = {IEEE},
	Pages = {302--308},
	Title = {Parallel implementation of {Bor\r{u}vka}'s minimum spanning tree algorithm},
	Year = {1996}}

@inproceedings{pregelplus,
	Author = {Yan, Da and Cheng, James and Lu, Yi and Ng, Wilfred},
	Booktitle = {WWW},
	Date-Modified = {2017-06-19 04:43:58 +0000},
	Organization = {ACM},
	Pages = {1307--1317},
	Title = {Effective techniques for message reduction and load balancing in distributed graph computation},
	Year = {2015}}

@article{thinkgraph,
	Author = {Tian, Yuanyuan and Balmin, Andrey and Corsten, Severin Andreas and Tatikonda, Shirish and McPherson, John},
	Date-Modified = {2017-06-19 04:46:30 +0000},
	Journal = {\textit{PVLDB}},
	Number = {3},
	Pages = {193--204},
	Publisher = {VLDB Endowment},
	Title = {From ``think like a vertex'' to ``think like a graph''},
	Volume = {7},
	Year = {2013}}

@article{blogel,
	Author = {Yan, Da and Cheng, James and Lu, Yi and Ng, Wilfred},
	Date-Modified = {2017-06-19 04:46:18 +0000},
	Journal = {\textit{PVLDB}},
	Number = {14},
	Pages = {1981--1992},
	Publisher = {VLDB Endowment},
	Title = {Blogel: A block-centric framework for distributed computation on real-world graphs},
	Volume = {7},
	Year = {2014}}

@inproceedings{graphpm,
  title={A distributed vertex-centric approach for pattern matching in massive graphs},
  author={Fard, Arash and Nisar, M Usman and Ramaswamy, Lakshmish and Miller, John A and Saltz, Matthew},
  booktitle={BigData},
  pages={403--411},
  year={2013},
  organization={IEEE}
}

@misc{graphx,
  Howpublished = {http://spark.apache.org/graphx/},
  Title = {GraphX}}

@article{Goffish,
  title={{GoFFish}: A sub-graph centric framework for large-scale graph analytics},
  author={Simmhan, Yogesh and Kumbhare, Alok and Wickramaarachchi, Charith and Nagarkar, Soonil and Ravi, Santosh and Raghavendra, Cauligi and Prasanna, Viktor},
  journal={arXiv preprint arXiv:1311.5949},
  year={2013}
}
